<?xml version="1.0" encoding="UTF-8"?><collection xmlns="http://www.loc.gov/MARC21/slim"><record><leader>00381nam--2200133-i-4500</leader><controlfield tag="001">000007547</controlfield><controlfield tag="002">20161230</controlfield><controlfield tag="005">20170208170339</controlfield><controlfield tag="008">060222s1000------------r-----000-0-eng-d</controlfield><datafield ind1=" " ind2=" " tag="100"><subfield code="a">Da Silva, Frausto J. J. R</subfield></datafield><datafield ind1=" " ind2=" " tag="245"><subfield code="a">Estudos com complexonas. A estabilidade dos complexos dos ioes monovalentes</subfield></datafield><datafield ind1=" " ind2=" " tag="260"><subfield code="a">Lisboa</subfield><subfield code="b">Bertrand</subfield><subfield code="c">1964</subfield></datafield><datafield ind1=" " ind2=" " tag="300"><subfield code="a">86 p</subfield></datafield><datafield ind1=" " ind2=" " tag="CAT"><subfield code="a">SYS</subfield><subfield code="c">20170208</subfield><subfield code="h">170339</subfield></datafield></record></collection>